@book{ecmascript,
    author = {ECMA},
    title = {ECMAScript® 2017 Language Specification},
    publisher = {Ecma International - European association for standardizing information and communication systems},
    year = {2017},
    address = {Rue du Rhone 114, CH-1204 Geneva},
}

@misc{w3cbs,
    author = {W3Schools},
    title = {Famous Month-by-Month Browser Statistics Since 2002},
    howpublished = {\url { https://www.w3schools.com/browsers/ }},
    publisher = {W3Schools},
    year = {2017},
    note = {Acessado: 21-10-2017}
}

@misc{mdnjsapi,
    author = {Mozilla},
    title = {JSAPI User Guide},
    howpublished = {\url { https://developer.mozilla.org/en-US/docs/Mozilla/Projects/SpiderMonkey/JSAPI_User_Guide }},
    publisher = {Mozilla Developer Network},
    year = {2017},
    note = {Acessado: 21-10-2017}
}

@misc{edgeengineopensource,
    author = {Gaurav Seth and Adalberto Foresti},
    title = {Microsoft Edge’s JavaScript engine to go open-source},
    howpublished = {\url { https://blogs.windows.com/msedgedev/2015/12/05/open-source-chakra-core/#UPQmPCbSOAfW8gkK.97 }},
    publisher = {Microsoft},
    year = {2017},
    note = {Acessado: 21-10-2017}
}

@misc{wa,
    author = {WebAssembly Community Group},
    title = {WebAssembly Specification},
    howpublished = {\url { https://webassembly.github.io/spec/_download/WebAssembly.pdf }},
    publisher = {WebAssembly Community Group},
    year = {2017},
    note = {Acessado: 22-10-2017}
}

@misc{wa-things,
    author = {Sebastián Peyrott},
    title = {7 Things You Should Know About WebAssembly},
    howpublished = {\url { https://auth0.com/blog/7-things-you-should-know-about-web-assembly/ }},
    publisher = {Auth0},
    year = {2017},
    note = {Acessado: 22-10-2017}
}

@article{wapaper,
    author = {Andreas Haas
 and Andreas Rossberg
 and Derek L. Schuff
 and Ben L. Titzer
 and Dan Gohman
 and Luke Wagner
 and Alon Zakai
 and Michael Holman
 and JF Bastien},
    title = {Bringing the Web up to Speed with WebAssembly},
    year = 2017,
    month = 6
}

@unpublished{llvm-intro,
    author = {Chris Lattner},
    title = {Introduction to the LLVM Compiler Infrastructure},
    year = 2006,
    note = {Gelato Itanium Conference and Expo (ICE)},
    month = 4,
    url = {https://llvm.org/pubs/2006-04-25-GelatoLLVMIntro.pdf}
}

@misc{llvm-langref,
    author = {Chris Lattner and Vikram Adve},
    title = {LLVM Language Reference Manual},
    howpublished = {\url { https://llvm.org/docs/LangRef.html }},
    year = {2017},
    note = {Acessado: 22-11-2017}
}

@misc{mdn-wa,
    author = {Alan Cezar Araújo},
    title = {WebAssembly},
    howpublished = {\url { https://developer.mozilla.org/pt-BR/docs/WebAssembly }},
    year = 2017,
    note = {Acessado: 03-12-2017}
}